@inproceedings{harizopoulos2006performance,
  title={Performance tradeoffs in read-optimized databases},
  author={Harizopoulos, Stavros and Liang, Velen and Abadi, Daniel J and Madden, Samuel},
  booktitle={Proceedings of the 32nd international conference on Very large data bases},
  pages={487--498},
  year={2006},
  organization={VLDB Endowment}
}
@ONLINE{tpchbm,
title = {TPC-H Benchmark},
month = apr,
year = {2012},
url = {http://www.tpc.org/tpch/results/tpch_results.asp}
}
@ONLINE{asterdata,
title = {Aster Database: Big Data Analytics for the Enterprise},
month = apr,
year = {2013},
url = {http://www.asterdata.com/product/database.php}
}
@article{holloway2008read,
  title={Read-optimized databases, in depth},
  author={Holloway, Allison L and DeWitt, David J},
  journal={Proceedings of the VLDB Endowment},
  volume={1},
  number={1},
  pages={502--513},
  year={2008},
  publisher={VLDB Endowment}
}
@book{holsheimer1994architectural,
  title={Architectural support for data mining},
  author={Holsheimer, Marcel and Kersten, Martin L},
  year={1994},
  publisher={Stichting Mathematisch Centrum}
}
@inproceedings{stonebraker2005c,
  title={C-store: a column-oriented DBMS},
  author={Stonebraker, Mike and Abadi, Daniel J and Batkin, Adam and Chen, Xuedong and Cherniack, Mitch and Ferreira, Miguel and Lau, Edmond and Lin, Amerson and Madden, Sam and O'Neil, Elizabeth and others},
  booktitle={Proceedings of the 31st international conference on Very large data bases},
  pages={553--564},
  year={2005},
  organization={VLDB Endowment}
}
@article{abadi2009column,
  title={Column-oriented database systems},
  author={Abadi, Daniel J and Boncz, Peter A and Harizopoulos, Stavros},
  journal={Proceedings of the VLDB Endowment},
  volume={2},
  number={2},
  pages={1664--1665},
  year={2009},
  publisher={VLDB Endowment}
}
@article{weyl1975modular,
  title={A modular self-describing clinical databank system},
  author={Weyl, Stephen and Fries, James and Wiederhold, Gio and Germano, Frank},
  journal={Computers and Biomedical Research},
  volume={8},
  number={3},
  pages={279--293},
  year={1975},
  publisher={Elsevier}
}
@inproceedings{copeland1985decomposition,
  title={A decomposition storage model},
  author={Copeland, George P and Khoshafian, Setrag N},
  booktitle={ACM SIGMOD Record},
  volume={14},
  number={4},
  pages={268--279},
  year={1985},
  organization={ACM}
}
@article{ramamurthy2003case,
  title={A case for fractured mirrors},
  author={Ramamurthy, Ravishankar and DeWitt, David J and Su, Qi},
  journal={The VLDB journal},
  volume={12},
  number={2},
  pages={89--101},
  year={2003},
  publisher={Springer}
}
@inproceedings{boncz2005monetdb,
  title={MonetDB/X100: Hyper-pipelining query execution},
  author={Boncz, Peter A and Zukowski, Marcin and Nes, Niels},
  booktitle={Proceedings of the Biennial Conference on Innovative Data Systems Research (CIDR), Asilomar, CA, USA},
  pages={225--237},
  year={2005}
}
@inproceedings{abadi2006integrating,
  title={Integrating compression and execution in column-oriented database systems},
  author={Abadi, Daniel and Madden, Samuel and Ferreira, Miguel},
  booktitle={Proceedings of the 2006 ACM SIGMOD international conference on Management of data},
  pages={671--682},
  year={2006},
  organization={ACM}
}
@techreport {verticawp,    
   author = {Vertica Systems Inc.},    
   title = {The VerticaÂ® Analytic Database Technical Overview White Paper},    
   group = {Vertica Systems Inc.},
   year = {2010},
}
@techreport {kxwp,    
   author = {Kx Systems},    
   title = {The 21st Century Time-Series Database},    
   group = {Kx Systems},
   year = {2013},
}
@techreport {vwwp,    
   author = {Ingres Corporation},    
   title = {VectorWise - Simply Fast: A technical whitepaper},    
   group = {Ingres Corporation},
   year = {2011},
}
@inproceedings{macnicol2004sybase,
  title={Sybase IQ multiplex-designed for analytics},
  author={MacNicol, Roger and French, Blaine},
  booktitle={Proceedings of the Thirtieth international conference on Very large data bases-Volume 30},
  pages={1227--1230},
  year={2004},
  organization={VLDB Endowment}
}
@inproceedings{vldbtut,
title={VLDB 2009 Tutorial: Column-Oriented Database Systems},
author={Stavros Harizopoulos, Daniel Abadi, Peter Boncz},
publisher={vldb},
year={2009}
}
@inproceedings{abadi2008column,
  title={Column-Stores vs. Row-Stores: How different are they really?},
  author={Abadi, Daniel J and Madden, Samuel R and Hachem, Nabil},
  booktitle={Proceedings of the 2008 ACM SIGMOD international conference on Management of data},
  pages={967--980},
  year={2008},
  organization={ACM}
}
@inproceedings{gartnerhype,
  title={Hype Cycle for Business Intelligence, 2012},
  author={Andreas Bitterer},
  year={2012},
  publisher={Gartner}
}
@inproceedings{plattner2009common,
  title={A common database approach for OLTP and OLAP using an in-memory column database},
  author={Plattner, Hasso},
  booktitle={Proceedings of the 35th SIGMOD international conference on Management of data},
  pages={1--2},
  year={2009},
  organization={ACM}
}
@article{bruno2009teaching,
  title={Teaching an old elephant new tricks},
  author={Bruno, Nicolas},
  journal={arXiv preprint arXiv:0909.1758},
  year={2009}
}
@ONLINE{cstorews,
title = {C-Store: A Column-Oriented DBMS},
month = apr,
year = {2013},
url = {http://db.csail.mit.edu/projects/cstore/}
}