@article{inablink,
  author    = {Ronald Barber and
               Peter Bendel and
               Marco Czech and
               Oliver Draese and
               Frederick Ho and
               Namik Hrle and
               Stratos Idreos and
               Min-Soo Kim and
               Oliver Koeth and
               Jae-Gil Lee and
               Tianchao Tim Li and
               Guy M. Lohman and
               Konstantinos Morfonios and
               Ren{\'e} M{\"u}ller and
               Keshava Murthy and
               Ippokratis Pandis and
               Lin Qiao and
               Vijayshankar Raman and
               Richard Sidle and
               Knut Stolze and
               Sandor Szabo},
  title     = {Business Analytics in (a) Blink},
  journal   = {IEEE Data Eng. Bull.},
  volume    = {35},
  number    = {1},
  year      = {2012},
  pages     = {9-14},
  ee        = {http://sites.computer.org/debull/A12mar/blink.pdf},
  bibsource = {DBLP, http://dblp.uni-trier.de}
}
@article{kallman2008h,
  title={H-store: a high-performance, distributed main memory transaction processing system},
  author={Kallman, Robert and Kimura, Hideaki and Natkins, Jonathan and Pavlo, Andrew and Rasin, Alexander and Zdonik, Stanley and Jones, Evan PC and Madden, Samuel and Stonebraker, Michael and Zhang, Yang and others},
  journal={Proceedings of the VLDB Endowment},
  volume={1},
  number={2},
  pages={1496--1499},
  year={2008},
  publisher={VLDB Endowment}
}
@inproceedings{harizopoulos2008oltp,
  title={OLTP through the looking glass, and what we found there},
  author={Harizopoulos, Stavros and Abadi, Daniel J and Madden, Samuel and Stonebraker, Michael},
  booktitle={Proceedings of the 2008 ACM SIGMOD international conference on Management of data},
  pages={981--992},
  year={2008},
  organization={ACM}
}
@techreport {exasolwp,    
   author = {Exasol},    
   title = {EXASolution Technical White Paper},    
   group = {Exasol AG},
   year = {2010},
}
@ONLINE{exasolws,
author = {Exasol AG},
title = {TPC-H Benchmark},
month = jun,
year = {2009},
url = {http://www.test.org/doe/}
}
@article{ousterhout2010case,
  title={The case for RAMClouds: scalable high-performance storage entirely in DRAM},
  author={Ousterhout, John and Agrawal, Parag and Erickson, David and Kozyrakis, Christos and Leverich, Jacob and Mazi{\`e}res, David and Mitra, Subhasish and Narayanan, Aravind and Parulkar, Guru and Rosenblum, Mendel and others},
  journal={ACM SIGOPS Operating Systems Review},
  volume={43},
  number={4},
  pages={92--105},
  year={2010},
  publisher={ACM}
}
@inproceedings{ramcloudpp,
  title={RAMCloud: A Low-Latency Datacenter Storage System},
  author={Ankita Kejriwal},
  publisher={Stanford},
  year={2013}
}
@article{gartnerimdb1,
  title={Who's Who in In-Memory DBMSs},
  author={Edjlali, Roxane and Feinberg, Donald},
  year={2012},
  publisher={Gartner}
}
@article{gartnerimdb2,
  title={Predicts 2013: In-Memory Computing: Growing Gains, but Also Growing Pains},
  author={Pezzini, Massimo and Feinberg, Donald and Norwood, Andrew and Edjlali, Roxane and Unsworth, Joseph and Richardson, James},
  year={2012},
  publisher={Gartner}
}
@article{ross2004selection,
  title={Selection conditions in main memory},
  author={Ross, Kenneth A},
  journal={ACM Transactions on Database Systems (TODS)},
  volume={29},
  number={1},
  pages={132--161},
  year={2004},
  publisher={ACM}
}
