@article{garcia1992main,
  title={Main memory database systems: An overview},
  author={Garcia-Molina, Hector and Salem, Kenneth},
  journal={Knowledge and Data Engineering, IEEE Transactions on},
  volume={4},
  number={6},
  pages={509--516},
  year={1992},
  publisher={IEEE}
}

@inproceedings{raja2006comparative,
  title={A Comparative Study of Main Memory Databases and Disk-Resident Databases},
  author={Raja, Fahimeh and Rahgozar, M and Razavi, N and Siadaty, M}
}

@article{deshmukhreview,
  title={Review on Main Memory Database},
  author={Deshmukh, PA}
}
